{
  "leader": "03621cam a2200541 i 4500",
  "fields": [
    {
      "001": "ocm00599696\\"
    },
    {
      "003": "OCoLC"
    },
    {
      "005": "20220708123200.0"
    },
    {
      "008": "730502s1973\\\\\\\\nyua\\\\\\\\\\b\\\\\\\\101\\0\\eng\\\\"
    },
    {
      "010": {
        "ind1": "\\",
        "ind2": "\\",
        "subfields": [
          {
            "a": "   72097447 "
          }
        ]
      }
    },
    {
      "040": {
        "ind1": "\\",
        "ind2": "\\",
        "subfields": [
          {
            "a": "DLC"
          },
          {
            "b": "eng"
          },
          {
            "c": "DLC"
          },
          {
            "d": "PGC"
          },
          {
            "d": "OCL"
          },
          {
            "d": "EL{dollar}"
          },
          {
            "d": "OCLCQ"
          },
          {
            "d": "DIBAM"
          },
          {
            "d": "NLGGC"
          },
          {
            "d": "BTCTA"
          },
          {
            "d": "OCLCG"
          },
          {
            "d": "CRU"
          },
          {
            "d": "GEBAY"
          },
          {
            "d": "ZWZ"
          },
          {
            "d": "OCLCQ"
          },
          {
            "d": "FUG"
          },
          {
            "d": "SGE"
          },
          {
            "d": "GBVCP"
          },
          {
            "d": "OCLCF"
          },
          {
            "d": "OCLCQ"
          },
          {
            "d": "OCLCO"
          },
          {
            "d": "UCDLL"
          },
          {
            "d": "OCL"
          },
          {
            "d": "OCLCQ"
          },
          {
            "d": "WDA"
          },
          {
            "d": "OCLCQ"
          },
          {
            "d": "NLC"
          },
          {
            "d": "CSJ"
          },
          {
            "d": "OCLCO"
          },
          {
            "d": "UKUOY"
          },
          {
            "d": "OCLCQ"
          },
          {
            "d": "VYM"
          },
          {
            "d": "OCLCO"
          },
          {
            "d": "L2U"
          },
          {
            "d": "IL4J6"
          },
          {
            "d": "OCLCO"
          }
        ]
      }
    },
    {
      "016": {
        "ind1": "\\",
        "ind2": "\\",
        "subfields": [
          {
            "a": "(AMICUS)000001128438"
          }
        ]
      }
    },
    {
      "019": {
        "ind1": "\\",
        "ind2": "\\",
        "subfields": [
          {
            "a": "736797"
          },
          {
            "a": "757645"
          },
          {
            "a": "6306970"
          },
          {
            "a": "633833837"
          },
          {
            "a": "1277094530"
          }
        ]
      }
    },
    {
      "035": {
        "ind1": "\\",
        "ind2": "\\",
        "subfields": [
          {
            "a": "(OCoLC)599696"
          },
          {
            "z": "(OCoLC)736797"
          },
          {
            "z": "(OCoLC)757645"
          },
          {
            "z": "(OCoLC)6306970"
          },
          {
            "z": "(OCoLC)633833837"
          },
          {
            "z": "(OCoLC)1277094530"
          }
        ]
      }
    },
    {
      "043": {
        "ind1": "\\",
        "ind2": "\\",
        "subfields": [
          {
            "a": "a-cc---"
          }
        ]
      }
    },
    {
      "050": {
        "ind1": "0",
        "ind2": "0",
        "subfields": [
          {
            "a": "HC427.9"
          },
          {
            "b": ".C5654"
          }
        ]
      }
    },
    {
      "050": {
        "ind1": "1",
        "ind2": "4",
        "subfields": [
          {
            "a": "H31"
          },
          {
            "b": ".A2 v.31 no.1 1973"
          }
        ]
      }
    },
    {
      "055": {
        "ind1": "\\",
        "ind2": "0",
        "subfields": [
          {
            "a": "HC427.9"
          },
          {
            "b": ".C5654"
          }
        ]
      }
    },
    {
      "082": {
        "ind1": "0",
        "ind2": "0",
        "subfields": [
          {
            "a": "338.951"
          },
          {
            "b": "CHI"
          }
        ]
      }
    },
    {
      "245": {
        "ind1": "0",
        "ind2": "0",
        "subfields": [
          {
            "a": "China's developmental experience /"
          },
          {
            "c": "edited by Michel Oksenberg."
          }
        ]
      }
    },
    {
      "260": {
        "ind1": "\\",
        "ind2": "\\",
        "subfields": [
          {
            "a": "New York :"
          },
          {
            "b": "Academy of Political Science,"
          },
          {
            "c": "1973."
          }
        ]
      }
    },
    {
      "300": {
        "ind1": "\\",
        "ind2": "\\",
        "subfields": [
          {
            "a": "viii, 227 pages :"
          },
          {
            "b": "illustrations,"
          },
          {
            "c": "23 cm."
          }
        ]
      }
    },
    {
      "336": {
        "ind1": "\\",
        "ind2": "\\",
        "subfields": [
          {
            "a": "text"
          },
          {
            "b": "txt"
          },
          {
            "2": "rdacontent"
          }
        ]
      }
    },
    {
      "337": {
        "ind1": "\\",
        "ind2": "\\",
        "subfields": [
          {
            "a": "unmediated"
          },
          {
            "b": "n"
          },
          {
            "2": "rdamedia"
          }
        ]
      }
    },
    {
      "338": {
        "ind1": "\\",
        "ind2": "\\",
        "subfields": [
          {
            "a": "volume"
          },
          {
            "b": "nc"
          },
          {
            "2": "rdacarrier"
          }
        ]
      }
    },
    {
      "490": {
        "ind1": "1",
        "ind2": "\\",
        "subfields": [
          {
            "a": "Proceedings of the Academy of Political Science ;"
          },
          {
            "v": "v. 31, no. 1"
          }
        ]
      }
    },
    {
      "500": {
        "ind1": "\\",
        "ind2": "\\",
        "subfields": [
          {
            "a": "Papers discussed at a series of meetings sponsored by Academy of Political Science and National Committee on United States--China Relations, at the Center for Continuing Education, Columbia University, Oct. 26-28, 1972."
          }
        ]
      }
    },
    {
      "504": {
        "ind1": "\\",
        "ind2": "\\",
        "subfields": [
          {
            "a": "Includes bibliographical references (page 221) and index."
          }
        ]
      }
    },
    {
      "505": {
        "ind1": "0",
        "ind2": "0",
        "subfields": [
          {
            "t": "On learning from China /"
          },
          {
            "r": "Michel Oksenberg --"
          },
          {
            "t": "China's developmental experience, 1949-72 /"
          },
          {
            "r": "Benjamin Schwartz --"
          },
          {
            "t": "The values of the Chinese Revolution /"
          },
          {
            "r": "Tang Tsou --"
          },
          {
            "t": "Relating to the international community /"
          },
          {
            "r": "Albert Feuerwerker --"
          },
          {
            "t": "Development of agriculture /"
          },
          {
            "r": "Dwight H. Perkins --"
          },
          {
            "t": "Rural economic planning /"
          },
          {
            "r": "Jon Sigurdson --"
          },
          {
            "t": "Science and technology policies /"
          },
          {
            "r": "C.H.G. Oldham --"
          },
          {
            "t": "Ecology and environmental control /"
          },
          {
            "r": "J.B.R. Whitney --"
          },
          {
            "t": "Medicine and public health /"
          },
          {
            "r": "Victor W. Sidel --"
          },
          {
            "t": "Man, state, and school /"
          },
          {
            "r": "Donald J. Munro --"
          },
          {
            "t": "Law and penology : systems of reform and correction /"
          },
          {
            "r": "Victor H. Li --"
          },
          {
            "t": "Leaders and masses /"
          },
          {
            "r": "Richard M. Pfeffer --"
          },
          {
            "t": "The family /"
          },
          {
            "r": "Martin King Whyte --"
          },
          {
            "t": "The treatment of minorities /"
          },
          {
            "r": "Henry G. Schwarz --"
          },
          {
            "t": "The Chinese mirror /"
          },
          {
            "r": "Frederic Wakeman, Jr."
          }
        ]
      }
    },
    {
      "530": {
        "ind1": "\\",
        "ind2": "\\",
        "subfields": [
          {
            "a": "Also issued online."
          }
        ]
      }
    },
    {
      "520": {
        "ind1": "\\",
        "ind2": "\\",
        "subfields": [
          {
            "a": "Papers discussed at a series of meetings sponsored by Academy of Political Science and National Committee on United States--China Relations, at the Center for Continuing Education, Columbia University, Oct. 26-28, 1972."
          }
        ]
      }
    },
    {
      "651": {
        "ind1": "\\",
        "ind2": "0",
        "subfields": [
          {
            "a": "China"
          },
          {
            "x": "Economic conditions"
          },
          {
            "y": "1949-1976"
          },
          {
            "v": "Congresses."
          }
        ]
      }
    },
    {
      "651": {
        "ind1": "\\",
        "ind2": "0",
        "subfields": [
          {
            "a": "China"
          },
          {
            "x": "Social conditions"
          },
          {
            "y": "1949-1976"
          },
          {
            "v": "Congresses."
          }
        ]
      }
    },
    {
      "650": {
        "ind1": "\\",
        "ind2": "7",
        "subfields": [
          {
            "a": "Economic history."
          },
          {
            "2": "fast"
          },
          {
            "0": "(OCoLC)fst00901974"
          }
        ]
      }
    },
    {
      "650": {
        "ind1": "\\",
        "ind2": "7",
        "subfields": [
          {
            "a": "Social conditions."
          },
          {
            "2": "fast"
          },
          {
            "0": "(OCoLC)fst01919811"
          }
        ]
      }
    },
    {
      "651": {
        "ind1": "\\",
        "ind2": "7",
        "subfields": [
          {
            "a": "China."
          },
          {
            "2": "fast"
          },
          {
            "0": "(OCoLC)fst01206073"
          }
        ]
      }
    },
    {
      "648": {
        "ind1": "\\",
        "ind2": "7",
        "subfields": [
          {
            "a": "1949-1976"
          },
          {
            "2": "fast"
          }
        ]
      }
    },
    {
      "655": {
        "ind1": "\\",
        "ind2": "7",
        "subfields": [
          {
            "a": "Conference papers and proceedings."
          },
          {
            "2": "fast"
          },
          {
            "0": "(OCoLC)fst01423772"
          }
        ]
      }
    },
    {
      "655": {
        "ind1": "\\",
        "ind2": "7",
        "subfields": [
          {
            "a": "Conference papers and proceedings."
          },
          {
            "2": "lcgft"
          }
        ]
      }
    },
    {
      "700": {
        "ind1": "1",
        "ind2": "\\",
        "subfields": [
          {
            "a": "Oksenberg, Michel,"
          },
          {
            "d": "1938-"
          },
          {
            "e": "editor."
          }
        ]
      }
    },
    {
      "710": {
        "ind1": "2",
        "ind2": "\\",
        "subfields": [
          {
            "a": "Academy of Political Science (U.S.)"
          }
        ]
      }
    },
    {
      "710": {
        "ind1": "2",
        "ind2": "\\",
        "subfields": [
          {
            "a": "National Committee on United States-China Relations."
          }
        ]
      }
    },
    {
      "776": {
        "ind1": "0",
        "ind2": "8",
        "subfields": [
          {
            "i": "Online version:"
          },
          {
            "t": "China's developmental experience."
          },
          {
            "d": "New York, Academy of Political Science, 1973"
          },
          {
            "w": "(OCoLC)586072137"
          }
        ]
      }
    },
    {
      "830": {
        "ind1": "\\",
        "ind2": "0",
        "subfields": [
          {
            "a": "Proceedings of the Academy of Political Science ;"
          },
          {
            "v": "v. 31, no. 1."
          }
        ]
      }
    },
    {
      "856": {
        "ind1": "4",
        "ind2": "1",
        "subfields": [
          {
            "z": "Available through JSTOR"
          },
          {
            "u": "http://www.jstor.org/journals/00650684.html"
          }
        ]
      }
    },
    {
      "994": {
        "ind1": "\\",
        "ind2": "\\",
        "subfields": [
          {
            "a": "Z0"
          },
          {
            "b": "NYRVC"
          }
        ]
      }
    },
    {
      "948": {
        "ind1": "\\",
        "ind2": "\\",
        "subfields": [
          {
            "h": "NO HOLDINGS IN NYRVC - 744 OTHER HOLDINGS"
          }
        ]
      }
    },
    {
      "999": {
        "ind1": "\\",
        "ind2": "\\",
        "subfields": [
          {
            "a": "00000000026411"
          }
        ]
      }
    }
  ]
}